<?xml version="1.0" encoding="UTF-8"?><record xmlns="http://www.loc.gov/MARC21/slim" xmlns:cinclude="http://apache.org/cocoon/include/1.0" xmlns:zs="http://www.loc.gov/zing/srw/">
  <leader>00665cz  a2200133n  4500</leader>
  <controlfield tag="001">n 2001026051</controlfield>
  <controlfield tag="003">DLC</controlfield>
  <controlfield tag="005">20120814081024.0</controlfield>
  <controlfield tag="008">010213n| acannaabn          |n ana      </controlfield>
  <datafield tag="010" ind1=" " ind2=" ">
    <subfield code="a">n 2001026051</subfield>
  </datafield>
  <datafield tag="040" ind1=" " ind2=" ">
    <subfield code="a">DLC</subfield>
    <subfield code="b">eng</subfield>
    <subfield code="c">DLC</subfield>
    <subfield code="d">DLC</subfield>
  </datafield>
  <datafield tag="111" ind1="2" ind2=" ">
    <subfield code="a">Coloquio Internacional de Historia de América</subfield>
  </datafield>
  <datafield tag="667" ind1=" " ind2=" ">
    <subfield code="a">THIS 1XX FIELD CANNOT BE USED UNDER RDA UNTIL THIS RECORD HAS BEEN REVIEWED AND/OR UPDATED</subfield>
  </datafield>
  <datafield tag="670" ind1=" " ind2=" ">
    <subfield code="a">Coloquio Internacional de Historia de América. Acuarela de Brasil, 500 años después, 2000:</subfield>
    <subfield code="b">t.p. (II Coloquio Internacional de Historia de América held Nov. 10-12, 1999 at the Universidad de Salamanca, Dpto. de Historia Medieval, Moderna y Contemporánea)</subfield>
  </datafield>
</record>